@book{AgileRetrospectivesEstherDerby,
    author    = {Esther Derby and Diana Larsen},
    title     = {Agile Retrospectives: Making Good Teams Great},
    year      = {2006},
    publisher = {Pragmatic Bookshelf},
    address   = {Raleigh, North Carolina}
}
    
@book{GettingValueFromRetrospectives,
    author    = {Luis Goncalves and Ben Linders},
    title     = {Getting value out of Agile Retrospectives: A Toolbox of Retrospective Exercises},
    year      = {2013},
    publisher = {Leanpub Publishing},
    address   = {Victoria, British Columbia}
} 

@book{normanKeith,
    author    = {Norman Keith},
    title     = {Project retrospectives: a handbook for team reviews},
    year      = {2001},
    publisher = {Dorset House Publishing},
    address   = {New York, New York}
} 

@misc{retrospectiveFacilator,
    author    = {Ben Linders},
    title     = {7 Retrospective Facilitation Good Practices},
    year      = {2016},
    url       = {https://www.benlinders.com/2016/7-retrospective-facilitation-good-practices/}
}

@misc{knuthwebsite,
    author    = {Donald Knuth},
    title     = {Knuth: Computers and Typesetting},
    url       = {http://www-cs-faculty.stanford.edu/\~{}uno/abcde.html}
}

@article{xp2017_aWall,
	author	= {Martin Kropp and Craig Anslow and Magdalena Mateescu and Roger Burkhard and  Dario Vischi and Carmen Zahn},
	title	= {Enhancing Agile Team Collaboration Through the Use of Large Digital Multi-touch Cardwalls},
    journal	= {LNBIP},
    number	= {283},
    pages	= {119--134},
    year 	= {2017}
}

@article{sourceVis2013,
author = {Anslow, Craig and Marshall, Stuart and Noble, James and Biddle, Robert},
year = {2010},
month = {09},
pages = {1--10},
title = {Co-located Collaborative Software Visualization},
booktitle = {2nd Workshop on Human Aspects of Software Engineering, HAoSE 2010 - SPLASH 2010 Workshop Summary}
}

@inproceedings{SourceVis2010,
 author = {Anslow, Craig and Marshall, Stuart and Noble, James and Tempero, Ewan and Biddle, Robert},
 title = {User Evaluation of Polymetric Views Using a Large Visualization Wall},
 booktitle = {Proceedings of the 5th International Symposium on Software Visualization},
 series = {SOFTVIS '10},
 year = {2010},
 isbn = {978-1-4503-0028-5},
 location = {Salt Lake City, Utah, USA},
 pages = {25--34},
 numpages = {10},
 url = {http://doi.acm.org/10.1145/1879211.1879218},
 doi = {10.1145/1879211.1879218},
 acmid = {1879218},
 publisher = {ACM},
 address = {New York, NY, USA},
 keywords = {large displays, software visualization, user evaluation, visualization wall}
} 

@inproceedings{DBLP:conf/agiledc/GossageBB15,
  author    = {Stevenson Gossage and
               Judith M. Brown and
               Robert Biddle},
  title     = {Understanding Digital Cardwall Usage},
  booktitle = {2015 Agile Conference, {AGILE} 2015, National Harbor, MD, USA, August
               3-7, 2015},
  pages     = {21--30},
  year      = {2015},
  crossref  = {DBLP:conf/agiledc/2015},
  url       = {https://doi.org/10.1109/Agile.2015.16},
  doi       = {10.1109/Agile.2015.16},
}

@proceedings{code-space-combining-touch-devices-and-skeletal-tracking-to-support-developer-meetings,
author = {Bragdon, Andrew and DeLine, Rob and Hinckley, Ken and Morris, Meredith Ringel},
title = {Code Space: Combining Touch, Devices, and Skeletal Tracking to Support Developer Meetings},
booktitle = {Proceedings of ITS 2011},
year = {2011},
month = {November},
publisher = {ACM},
url = {https://www.microsoft.com/en-us/research/publication/code-space-combining-touch-devices-and-skeletal-tracking-to-support-developer-meetings/},
address = {},
pages = {},
journal = {},
volume = {},
chapter = {},
isbn = {},
}

@book{craigBook,
    author    = {Craig Anslow, Pedro Campos and Joaquim Jorge},
    title     = {Collaboration Meets Interactive Spaces},
    year      = {2016},
    publisher = {Springer Nature}
} 

@inproceedings{DBLP:conf/agiledc/GhanamWM08,
  author    = {Yaser Ghanam and
               Xin Wang and
               Frank Maurer},
  title     = {Utilizing Digital Tabletops in Collocated Agile Planning Meetings},
  booktitle = {Agile Development Conference, {AGILE} 2008, Toronto, Canda, 4-8 August
               2008},
  pages     = {51--62},
  year      = {2008},
  crossref  = {DBLP:conf/agiledc/2008},
  url       = {https://doi.org/10.1109/Agile.2008.13},
  doi       = {10.1109/Agile.2008.13}
}

@misc{socket.io_2018,
title={socket.io},
author={socket.io},
url={https://socket.io/},
year={2018}
}

@misc{mongoose-odm-v5.1.3_2018,
title={mongoose},
author={mongoose},
url={http://mongoosejs.com/},
year={2018}
}

@misc{welcome-to-python.org_2018,
title={Python},
url={https://www.python.org/},
author={Python, Python.org},
year={2018}
}

@misc{mongodb-for-giant-ideas_2018,
title={MongoDB},
url={https://www.mongodb.com/},
author={Mongo, MongoDB},
year={2018}
}

@misc{foundation_2018,
title={Node.js},
url={https://nodejs.org/en/},
author={Foundation, Node.js},
year={2018}
}

@misc{js.foundation_2018,
title={jQuery},
url={https://jquery.com/},
author={js.foundation, JS},
year={2018}
}
@online{fully-managed-mongodb-hosted-on-aws-azure-and-gcp_2018,
author = {MongoDB, MongoDB},
title = {Mongo Atlas},
year = {2018},
url = {https://www.mongodb.com/cloud/atlas},
OPTsubtitle = {•},
OPTtitleaddon = {•},
OPTlanguage = {•},
OPTversion = {•},
OPTnote = {•},
OPTorganization = {•},
OPTdate = {•},
OPTmonth = {•},
OPTaddendum = {•},
OPTpubstate = {•},
OPTurldate = {•},
}
